
@article{amin2011us,
  title={US grid gets less reliable [The Data]},
  author={Amin, S Massoud},
  journal={IEEE Spectrum},
  volume={48},
  number={1},
  pages={80--80},
  year={2011},
  publisher={IEEE}
}

@inproceedings{leskovec2007cost,
  title={Cost-effective outbreak detection in networks},
  author={Leskovec, Jure and Krause, Andreas and Guestrin, Carlos and Faloutsos, Christos and VanBriesen, Jeanne and Glance, Natalie},
  booktitle={KDD},
  pages={420--429},
  year={2007},
  organization={ACM}
}

@article{brueni2005pmu,
  title={The PMU placement problem},
  author={Brueni, Dennis J and Heath, Lenwood S},
  journal={SIAM Journal on Discrete Mathematics},
  volume={19},
  number={3},
  pages={744--761},
  year={2005},
  publisher={SIAM}
}

@inproceedings{li2011phasor,
  title={Phasor measurement units placement for power system state estimation: A greedy approach},
  author={Li, Qiao and Negi, Rohit and Ili{\'c}, Marija D},
  booktitle={Power and Energy Society General Meeting, 2011 IEEE},
  pages={1--8},
  year={2011},
  organization={IEEE}
}

@article{kekatos2012optimal,
  title={Optimal placement of phasor measurement units via convex relaxation},
  author={Kekatos, Vassilis and Giannakis, Georgios B and Wollenberg, Bruce},
  journal={IEEE Transactions on power systems},
  volume={27},
  number={3},
  pages={1521--1530},
  year={2012},
  publisher={IEEE}
}

@article{dua2008optimal,
  title={Optimal multistage scheduling of PMU placement: An ILP approach},
  author={Dua, Devesh and Dambhare, Sanjay and Gajbhiye, Rajeev Kumar and Soman, SA},
  journal={IEEE Transactions on Power delivery},
  volume={23},
  number={4},
  pages={1812--1820},
  year={2008},
  publisher={IEEE}
}

@inproceedings{chakrabarti2008pmu,
  title={PMU placement for power system observability using binary particle swarm optimization},
  author={Chakrabarti, Saikat and Venayagamoorthy, Ganesh K and Kyriakides, Elias},
  booktitle={Power Engineering Conference, 2008. AUPEC'08. Australasian Universities},
  pages={1--5},
  year={2008},
  organization={IEEE}
}

@article{uddin2013grid,
  title={Grid monitoring: bounds on performances of sensor placement algorithms},
  author={Uddin, Muhammad and Kuh, Anthony and Kavcic, Aleksandar and Tanaka, Toshihisa and Mandic, Danilo P},
  journal={ENERGY},
  pages={89--95},
  year={2013}
}

@article{baldwin1993power,
  title={Power system observability with minimal phasor measurement placement},
  author={Baldwin, TL and Mili, L and Boisen, MB and Adapa, R},
  journal={IEEE Transactions on Power Systems},
  volume={8},
  number={2},
  pages={707--715},
  year={1993},
  publisher={IEEE}
}

@article{nemhauser1978analysis,
  title={An analysis of approximations for maximizing submodular set functions—I},
  author={Nemhauser, George L and Wolsey, Laurence A and Fisher, Marshall L},
  journal={Mathematical Programming},
  volume={14},
  number={1},
  pages={265--294},
  year={1978},
  publisher={Springer}
}

@article{sviridenko2004note,
  title={A note on maximizing a submodular set function subject to a knapsack constraint},
  author={Sviridenko, Maxim},
  journal={Operations Research Letters},
  volume={32},
  number={1},
  pages={41--43},
  year={2004},
  publisher={Elsevier}
}

@article{cohen2003efficient,
  title={Efficient immunization strategies for computer networks and populations},
  author={Cohen, Reuven and Havlin, Shlomo and Ben-Avraham, Daniel},
  journal={Physical review letters},
  volume={91},
  number={24},
  pages={247901},
  year={2003},
  publisher={APS}
}

@article{pastor2002immunization,
  title={Immunization of complex networks},
  author={Pastor-Satorras, Romualdo and Vespignani, Alessandro},
  journal={Physical Review E},
  volume={65},
  number={3},
  pages={036104},
  year={2002},
  publisher={APS}
}

@article{yi2017grouped,
  title={Grouped Convolutional Neural Networks for Multivariate Time Series},
  author={Yi, Subin and Ju, Janghoon and Yoon, Man-Ki and Choi, Jaesik},
  journal={arXiv preprint arXiv:1703.09938},
  year={2017}
}

@article{keogh2007finding,
  title={Finding the most unusual time series subsequence: algorithms and applications},
  author={Keogh, Eamonn and Lin, Jessica and Lee, Sang-Hee and Van Herle, Helga},
  journal={Knowledge and Information Systems},
  volume={11},
  number={1},
  pages={1--27},
  year={2007},
  publisher={Springer}
}

@inproceedings{keogh2002finding,
  title={Finding surprising patterns in a time series database in linear time and space},
  author={Keogh, Eamonn and Lonardi, Stefano and Chiu, Bill'Yuan-chi'},
  booktitle={KDD},
  pages={550--556},
  year={2002},
  organization={ACM}
}

@inproceedings{yamanishi2002unifying,
  title={A unifying framework for detecting outliers and change points from non-stationary time series data},
  author={Yamanishi, Kenji and Takeuchi, Jun-ichi},
  booktitle={KDD},
  pages={676--681},
  year={2002},
  organization={ACM}
}

@techreport{mahoney2005trajectory,
  title={Trajectory boundary modeling of time series for anomaly detection},
  author={Mahoney, Matthew V and Chan, Philip K},
  year={2005}
}

@inproceedings{cheng2009detection,
  title={Detection and characterization of anomalies in multivariate time series},
  author={Cheng, Haibin and Tan, Pang-Ning and Potter, Christopher and Klooster, Steven},
  booktitle={SDM},
  pages={413--424},
  year={2009},
  organization={SIAM}
}

@inproceedings{breunig2000lof,
  title={LOF: identifying density-based local outliers},
  author={Breunig, Markus M and Kriegel, Hans-Peter and Ng, Raymond T and Sander, J{\"o}rg},
  booktitle={ACM sigmod record},
  volume={29},
  number={2},
  pages={93--104},
  year={2000},
  organization={ACM}
}

@inproceedings{ramaswamy2000efficient,
  title={Efficient algorithms for mining outliers from large data sets},
  author={Ramaswamy, Sridhar and Rastogi, Rajeev and Shim, Kyuseok},
  booktitle={ACM Sigmod Record},
  volume={29},
  number={2},
  pages={427--438},
  year={2000},
  organization={ACM}
}

@inproceedings{jones2014anomaly,
  title={Anomaly detection in real-valued multidimensional time series},
  author={Jones, Michael and Nikovski, Daniel and Imamura, Makoto and Hirata, Takahisa},
  booktitle={International Conference on Bigdata/Socialcom/Cybersecurity. Stanford University, ASE},
  year={2014},
  organization={Citeseer}
}


@inproceedings{ma2003online,
  title={Online novelty detection on temporal sequences},
  author={Ma, Junshui and Perkins, Simon},
  booktitle={KDD},
  pages={613--618},
  year={2003},
  organization={ACM}
}

@inproceedings{mongiovi2013netspot,
  title={Netspot: Spotting significant anomalous regions on dynamic networks},
  author={Mongiovi, Misael and Bogdanov, Petko and Ranca, Razvan and Papalexakis, Evangelos E and Faloutsos, Christos and Singh, Ambuj K},
  booktitle={SDM},
  pages={28--36},
  year={2013},
  organization={SIAM}
}


@article{chen2012community,
  title={Community-based anomaly detection in evolutionary networks},
  author={Chen, Zhengzhang and Hendrix, William and Samatova, Nagiza F},
  journal={Journal of Intelligent Information Systems},
  volume={39},
  number={1},
  pages={59--85},
  year={2012},
  publisher={Springer}
}

@inproceedings{araujo2014com2,
  title={Com2: fast automatic discovery of temporal (‘comet’) communities},
  author={Araujo, Miguel and Papadimitriou, Spiros and G{\"u}nnemann, Stephan and Faloutsos, Christos and Basu, Prithwish and Swami, Ananthram and Papalexakis, Evangelos E and Koutra, Danai},
  booktitle={PAKDD},
  pages={271--283},
  year={2014},
  organization={Springer}
}

@inproceedings{shah2015timecrunch,
  title={Timecrunch: Interpretable dynamic graph summarization},
  author={Shah, Neil and Koutra, Danai and Zou, Tianmin and Gallagher, Brian and Faloutsos, Christos},
  booktitle={KDD},
  pages={1055--1064},
  year={2015},
  organization={ACM}
}

@inproceedings{akoglu2010event,
  title={Event detection in time series of mobile communication graphs},
  author={Akoglu, Leman and Faloutsos, Christos},
  booktitle={Army science conference},
  pages={77--79},
  year={2010}
}

@inproceedings{aggarwal2011outlier,
  title={Outlier detection in graph streams},
  author={Aggarwal, Charu C and Zhao, Yuchen and Philip, S Yu},
  booktitle={Data Engineering (ICDE), 2011 IEEE 27th International Conference on},
  pages={399--409},
  year={2011},
  organization={IEEE}
}

@inproceedings{ranshous2016scalable,
  title={A scalable approach for outlier detection in edge streams using sketch-based approximations},
  author={Ranshous, Stephen and Harenberg, Steve and Sharma, Kshitij and Samatova, Nagiza F},
  booktitle={SDM},
  pages={189--197},
  year={2016},
  organization={SIAM}
}


@inproceedings{akoglu2010oddball,
  title={Oddball: Spotting anomalies in weighted graphs},
  author={Akoglu, Leman and McGlohon, Mary and Faloutsos, Christos},
  booktitle={PAKDD},
  pages={410--421},
  year={2010},
  organization={Springer}
}

@inproceedings{liu2008isolation,
  title={Isolation forest},
  author={Liu, Fei Tony and Ting, Kai Ming and Zhou, Zhi-Hua},
  booktitle={ICDM},
  pages={413--422},
  year={2008},
  organization={IEEE}
}

@article{zimmerman2011matpower,
  title={MATPOWER: Steady-state operations, planning, and analysis tools for power systems research and education},
  author={Zimmerman, Ray Daniel and Murillo-S{\'a}nchez, Carlos Edmundo and Thomas, Robert John},
  journal={IEEE Transactions on power systems},
  volume={26},
  number={1},
  pages={12--19},
  year={2011},
  publisher={IEEE}
}

@inproceedings{song2017powercast,
  title={PowerCast: Mining and forecasting power grid sequences},
  author={Song, Hyun Ah and Hooi, Bryan and Jereminov, Marko and Pandey, Amritanshu and Pileggi, Larry and Faloutsos, Christos},
  booktitle={ECML-PKDD},
  pages={606--621},
  year={2017},
  organization={Springer}
}

@article{josz2016ac,
  title={AC power flow data in MATPOWER and QCQP format: iTesla, RTE snapshots, and PEGASE},
  author={Josz, C{\'e}dric and Fliscounakis, St{\'e}phane and Maeght, Jean and Panciatici, Patrick},
  journal={arXiv preprint arXiv:1603.01533},
  year={2016}
}

@article{fliscounakis2013contingency,
  title={Contingency ranking with respect to overloads in very large power systems taking into account uncertainty, preventive, and corrective actions},
  author={Fliscounakis, St{\'e}phane and Panciatici, Patrick and Capitanescu, Florin and Wehenkel, Louis},
  journal={IEEE Transactions on Power Systems},
  volume={28},
  number={4},
  pages={4909--4917},
  year={2013},
  publisher={IEEE}
}

@book{hamilton1994time,
  title={Time series analysis},
  author={Hamilton, James Douglas},
  volume={2},
  year={1994},
  publisher={Princeton university press Princeton}
}

@article{parzen1962estimation,
  title={On estimation of a probability density function and mode},
  author={Parzen, Emanuel},
  journal={The annals of mathematical statistics},
  volume={33},
  number={3},
  pages={1065--1076},
  year={1962},
  publisher={JSTOR}
}

@article{scikit-learn,
 title={Scikit-learn: Machine Learning in {P}ython},
 author={Pedregosa, F. and Varoquaux, G. and Gramfort, A. and Michel, V.
         and Thirion, B. and Grisel, O. and Blondel, M. and Prettenhofer, P.
         and Weiss, R. and Dubourg, V. and Vanderplas, J. and Passos, A. and
         Cournapeau, D. and Brucher, M. and Perrot, M. and Duchesnay, E.},
 journal={Journal of Machine Learning Research},
 volume={12},
 pages={2825--2830},
 year={2011}
}

@article{vitter1985random,
  title={Random sampling with a reservoir},
  author={Vitter, Jeffrey S},
  journal={ACM Transactions on Mathematical Software (TOMS)},
  volume={11},
  number={1},
  pages={37--57},
  year={1985},
  publisher={ACM}
}

@inproceedings{zhao2012pmu,
  title={On PMU location selection for line outage detection in wide-area transmission networks},
  author={Zhao, Yue and Goldsmith, Andrea and Poor, H Vincent},
  booktitle={Power and Energy Society General Meeting, 2012 IEEE},
  pages={1--8},
  year={2012},
  organization={IEEE}
}

@article{freeman1978centrality,
  title={Centrality in social networks conceptual clarification},
  author={Freeman, Linton C},
  journal={Social networks},
  volume={1},
  number={3},
  pages={215--239},
  year={1978},
  publisher={Elsevier}
}

@misc{118bus,
  title = {IEEE Power Systems Test Case Archive},
  howpublished = {\url{http://www2.ee.washington.edu/
research/pstca/}},
  note = {Accessed: 2017-03-15}
}

@article{rakpenthai2007optimal,
  title={An optimal PMU placement method against measurement loss and branch outage},
  author={Rakpenthai, Chawasak and Premrudeepreechacharn, Suttichai and Uatrongjit, Sermsak and Watson, Neville R},
  journal={IEEE transactions on power delivery},
  volume={22},
  number={1},
  pages={101--107},
  year={2007},
  publisher={IEEE}
}

@inproceedings{magnago1999unified,
  title={A unified approach to robust meter placement against loss of measurements and branch outages},
  author={Magnago, Fernando H and Abur, Ali},
  booktitle={Power Industry Computer Applications, 1999. PICA'99. Proceedings of the 21st 1999 IEEE International Conference},
  pages={3--8},
  year={1999},
  organization={IEEE}
}

@article{li2013information,
  title={An information-theoretic approach to PMU placement in electric power systems},
  author={Li, Qiao and Cui, Tao and Weng, Yang and Negi, Rohit and Franchetti, Franz and Ilic, Marija D},
  journal={IEEE Transactions on Smart Grid},
  volume={4},
  number={1},
  pages={446--456},
  year={2013},
  publisher={IEEE}
}

@article{gou2008optimal,
  title={Optimal placement of PMUs by integer linear programming},
  author={Gou, Bei},
  journal={IEEE Transactions on Power Systems},
  volume={23},
  number={3},
  pages={1525--1526},
  year={2008},
  publisher={IEEE}
}

@book{yule1919introduction,
  title={An introduction to the theory of statistics},
  author={Yule, George Udny},
  year={1919},
  publisher={C. Griffin, limited}
}